<record><leader>00000cas a22000007a 4500</leader><controlfield tag="001">17899998</controlfield><controlfield tag="008">880505d19151915ohudn ne      0    0eng d</controlfield><datafield ind1=" " ind2=" " tag="010"><subfield code="a">sn 88078449 </subfield></datafield><datafield ind1=" " ind2=" " tag="040"><subfield code="a">ONP</subfield><subfield code="b">eng</subfield><subfield code="c">ONP</subfield><subfield code="d">OCLCQ</subfield></datafield><datafield ind1=" " ind2=" " tag="042"><subfield code="a">msc</subfield></datafield><datafield ind1="0" ind2="0" tag="245"><subfield code="a">Alliance daily review and leader.</subfield></datafield><datafield ind1=" " ind2=" " tag="260"><subfield code="a">Alliance, Ohio :</subfield><subfield code="b">Review Pub. Co.,</subfield><subfield code="c">1915.</subfield></datafield><datafield ind1=" " ind2=" " tag="310"><subfield code="a">Daily (except Sun.)</subfield></datafield><datafield ind1="0" ind2=" " tag="362"><subfield code="a">Vol. 27, no. 266 (Aug. 2, 1915)-v. 27, no. 299 (Sept. 10, 1915).</subfield></datafield><datafield ind1=" " ind2=" " tag="752"><subfield code="a">United States</subfield><subfield code="b">Ohio</subfield><subfield code="c">Stark</subfield><subfield code="d">Alliance.</subfield></datafield><datafield ind1="0" ind2="4" tag="780"><subfield code="t">Alliance daily review (Alliance, Ohio : 1895)</subfield><subfield code="w">(DLC)sn 88078450</subfield></datafield><datafield ind1="0" ind2="4" tag="780"><subfield code="t">Alliance daily leader (Alliance, Ohio : 1896)</subfield><subfield code="w">(DLC)sn 88078492</subfield></datafield><datafield ind1="0" ind2="0" tag="785"><subfield code="t">Alliance review and leader</subfield><subfield code="w">(DLC)sn 88086141</subfield></datafield></record>